@article{vadeboncoeur2002,
title={Putting the Lake Back Together: Reintegrating Benthic Pathways into Lake Food Web Models},
author={Vadeboncoeur, Yvonne and Vander Zanden, M Jake and Lodge, David M},
journal={Bioscience},
volume={52},
number={1},
pages={44--54},
year={2002},
publisher={American Institute of Biological Sciences}
}

@article{vadeboncoeur2003,
title={From Greenland to green lakes: cultural eutrophication 
  and the loss of benthic pathways in lakes},
author={Vadeboncoeur, Yvonne and Jeppesen, Erik and Zanden, M Jake Vander and 
Schierup, Hans-Henrik and Christoffersen, Kirsten and Lodge, David M},
journal={Limnology and oceanography},
volume={48},
number={4},
pages={1408--1418},
year={2003},
publisher={Wiley Online Library}
}

@article{karlsson2009,
title={Light limitation of nutrient-poor lake ecosystems},
author={Karlsson, Jan and Bystr{\"o}m, P{\"a}r and Ask, Jenny 
and Ask, Per and Persson, Lennart and Jansson, Mats},
journal={Nature},
volume={460},
number={7254},
pages={506--509},
year={2009},
publisher={Nature Publishing Group}
}

@article{carpenter2017,
author={Carpenter, Bob and Gelman, Andrew and Hoffman, Matthew D and Lee,
    Daniel and Goodrich, Ben and Betancourt, Michael and Brubaker,
    Marcus and Guo, Jiqiang and Li, Peter and Riddell, Allen},
title={Stan: A probabilistic programming language},
journal={Journal of statistical software},
volume={76},
number={1},
year={2017},
publisher={Columbia Univ., New York, NY (United States); Harvard Univ., Cambridge, MA~â€¦}
}

@misc{stan2018,
title = {{RStan}: the {R} interface to {Stan}},
author = {{Stan Development Team}},
note = {R package version 2.19.3},
year = {2020},
url = {http://mc-stan.org/},
}

@article{chung2015,
title={Weakly informative prior for point estimation of 
  covariance matrices in hierarchical models},
author={Chung, Yeojin and Gelman, Andrew and Rabe-Hesketh, Sophia 
  and Liu, Jingchen and Dorie, Vincent},
journal={Journal of Educational and Behavioral Statistics},
volume={40},
number={2},
pages={136--157},
year={2015},
publisher={Sage Publications Sage CA: Los Angeles, CA}
}

@article{phillips2019,
title={Spatiotemporal variation in the sign and magnitude of 
  ecosystem engineer effects on lake ecosystem production},
author={Phillips, Joseph S and McCormick, Amanda R and 
Einarsson, \'{A}rni and Grover, Shannon N and Ives, Anthony R},
journal={Ecosphere},
volume={10},
number={6},
pages={e02760},
year={2019},
publisher={Wiley Online Library}
}

@article{phillips2020,
title={Time-varying responses of lake metabolism to light and temperature},
author={Phillips, Joseph S},
journal={Limnology and Oceanography},
volume={65},
number={3},
pages={652--666},
year={2020},
publisher={Wiley Online Library}
}

@article{einarsson2004,
title={The ecology of Lake Myvatn and the River Lax\'{a}: variation in space and time},
author={Einarsson, \'{A}rni and Stef\'{a}nsd\'{o}ttir, Ger{\dh}ur
  and J\'{o}hannesson, Helgi and Olafsson, J\'{o}n S
  and G{\'\i}slason, G{\'\i}sli M{\'a}r
  and Wakana, Isamu and
  Gud{\dh}ergsson, Gu{\dh}ni
  and Gardarsson, Arnthor},
journal={Aquatic Ecology},
volume={38},
number={2},
pages={317--348},
year={2004},
publisher={Springer}
}

@article{scheffer2003,
title={Floating plant dominance as a stable state},
author={Scheffer, Marten and Szabo, S{\'a}ndor and Gragnani, Alessandra 
and Van Nes, Egbert H and Rinaldi, Sergio and Kautsky, Nils and Norberg, Jon 
and Roijackers, Rudi MM and Franken, Rob JM},
journal={Proceedings of the national academy of sciences},
volume={100},
number={7},
pages={4040--4045},
year={2003},
publisher={National Acad Sciences}
}

@article{jassby1976,
title={Mathematical formulation of the relationship between photosynthesis 
  and light for phytoplankton},
author={Jassby, Alan D and Platt, Trevor},
journal={Limnology and oceanography},
volume={21},
number={4},
pages={540--547},
year={1976},
publisher={Wiley Online Library}
}

@manual{r,
title = {R: A Language and Environment for Statistical Computing},
author = {{R Core Team}},
organization = {R Foundation for Statistical Computing},
address = {Vienna, Austria},
year = {2020},
url = {https://www.R-project.org/},
}
